@incollection{NIPS2010_4031,
title = {Monte-Carlo Planning in Large POMDPs},
author = {Silver, David and Veness, Joel},
booktitle = {Advances in Neural Information Processing Systems 23},
editor = {J. D. Lafferty and C. K. I. Williams and J. Shawe-Taylor and R. S. Zemel and A. Culotta},
pages = {2164--2172},
year = {2010},
publisher = {Curran Associates, Inc.},
url = {http://papers.nips.cc/paper/4031-monte-carlo-planning-in-large-pomdps.pdf}
}

@article{RBMC,
author = {Andrew J. Newman and Casey L. Richardson and Sean M. Kain and Paul G. Stankiewicz and Paul R. Guseman and Blake A. Schreurs and Jeffrey A. Dunne},
title = {Reconnaissance blind multi-chess: an experimentation platform for ISR sensor fusion and resource management},
volume = {9842},
year = {2016},
doi = {10.1117/12.2228127},
URL = {https://doi.org/10.1117/12.2228127},
eprint = {}
}

@article{Shannon,
author = {Shannon, C. E.},
title = {A Mathematical Theory of Communication},
journal = {Bell System Technical Journal},
volume = {27},
number = {3},
pages = {379-423},
doi = {10.1002/j.1538-7305.1948.tb01338.x},
url = {https://onlinelibrary.wiley.com/doi/abs/10.1002/j.1538-7305.1948.tb01338.x},
eprint = {https://onlinelibrary.wiley.com/doi/pdf/10.1002/j.1538-7305.1948.tb01338.x},
year = {1948}
}

@article{UCT,
author = {Coquelin, Pierre-Arnaud and Munos, Remi},
title = {Bandit Algorithms for Tree Search},
url = {https://arxiv.org/pdf/1408.2028.pdf},
year = {2007}
}
